@ARTICLE{kiczales_aop,
  author = {Kiczales, G. and Lamping, J. and Mendhekar, A. and Maeda, C. and 
  Lopes, C. and Loingtier, J. and Irwin, J.},
  title = {Aspect-oriented programming},
  journal = {European Conference on Object-Oriented Programming (ECOOP)},
  year = 1997
}

@ARTICLE{aspect_dynamic_weavers,
  author = {Gilani, W. and Spinczyk, O.},
  title = {A Family of Aspect Dynamic Weavers},
  journal = {Proceedings of the 2003 Dynamic Aspect Workshop (DAW04 2003)},
  year = 2003
}

@ARTICLE{kiczales_aspectj,
  author = {Kiczales, G. and  Hilsdale, E. and Hugunin, J. and Kersten, M.
  Palm, J. and Griswold, W.},
  title = {An Overview of AspectJ},
  journal = {European Conference on Object-Oriented Programming (ECOOP)},
  year = 2001
}

@online{aspectj_doc,
  title        = "AspectJ Documentation",
  year         = 2017,
  url          = {http://www.eclipse.org/aspectj/docs.php},
  urldate      = "03.03.2017",
  language     = "english"
}

@online{springAOP_doc,
  title        = "Aspect Oriented Programming with Spring",
  year         = 2017,
  url          = {https://docs.spring.io/spring/docs/current/spring-framework-reference/html/aop.html},
  urldate      = "05.03.2017",
  language     = "english"
}

@online{springAOP_5_release,
  title        = "Introducing Kotlin support in Spring Framework 5.0",
  year         = 2017,
  url          = {https://kotlin.link/articles/Introducing-Kotlin-support-in-Spring-Framework-5-0.html},
  urldate      = "15.04.2017",
  language     = "english"
}


@online{spring_python,
  title        = "Aspect Oriented Programming --- Spring Python",
  year         = 2017,
  url          = {http://docs.spring.io/spring-python/1.2.x/sphinx/html/aop.html},
  urldate      = "10.04.2017",
  language     = "english"
}


@online{postsharp_doc,
  title        = "PostSharp Documentation",
  year         = 2017,
  url          = {http://doc.postsharp.net/},
  urldate      = "05.03.2017",
  language     = "english"
}

@online{postsharp_aspects,
  title        = "PostSharp. Aspects Namespace",
  year         = 2017,
  url          = {http://doc.postsharp.net/n_postsharp_aspects},
  urldate      = "05.03.2017",
  language     = "english"
}


@ARTICLE{aspectC_doc,
  author    = {Spinczyk, O.},
  title     = {Documentation: AspectC++ Language Reference},
  year      = 2017,
  journal = {pure-systems}
}


@online{aspectC_homepage,
  title        = "The Home of AspectC++",
  year         = 2017,
  url          = {http://www.aspectc.org/Home.php},
  urldate      = "05.04.2017",
  language     = "english"
}


@ARTICLE{aspect_review,
  author = {Kurdi, H.},
  title = {Review on Aspect Oriented Programming},
  journal = {International Journal of Advanced Computer Science and Applications},
  year = 2013
}

@ARTICLE{aspectC_overview,
    author    = {Spinczyk, O.},
  title = {AspectC++ --- A Language Overview},
  journal = {Friedrich-Alexander University Erlangen-Nuremberg Computer Science 4},
  year = 2005
}

@ARTICLE{static_and_dynamic_weaving,
  author = {Forgac, M. and Kollar, J.},
  title = {Static and Dynamic Approaches to Weaving},
  journal = {5th Slovakian-Hungarian Joint Symposium on Applied Machine Intelligence and Informatics},
  year = 2007
}