%%%%%%%%%%%%%%%%%%%%%%%%%%%%%%%%%%%%%%%%%%%%%%%%%%%%%%%%%%%%%%%%%%%%%%%%%%%%%%%%
%%
%% Список литературы
%%
%%%%%%%%%%%%%%%%%%%%%%%%%%%%%%%%%%%%%%%%%%%%%%%%%%%%%%%%%%%%%%%%%%%%%%%%%%%%%%%%


@ARTICLE{kiczales_aop,
	author = {Kiczales, G. and Lamping, J. and Mendhekar, A. and Maeda, C. and 
	Lopes, C. and Loingtier, J. and Irwin, J.},
	title = {Aspect-oriented programming},
	journal = {European Conference on Object-Oriented Programming (ECOOP)},
	year = 1997
}

@ARTICLE{kiczales_aspectj,
	author = {Kiczales, G. and  Hilsdale, E. and Hugunin, J. and Kersten, M.
	Palm, J. and Griswold, W.},
	title = {An Overview of AspectJ},
	journal = {European Conference on Object-Oriented Programming (ECOOP)},
	year = 2001
}

@ARTICLE{crosscutting_conserns,
  author = {Marius, M. and Moonen, L. and Deursen, A.},
  title = {A Classification of Crosscutting Concerns},
  journal = {In Proceedings of the International Conference on Software
    Maintenance (ICSM’05)},
  year = 2005,
  pages = {673--676}
}

%%%%%%%%%%%%%%%%%%%%%%%%%%%%%%%%%%%%%%%%%%%%%%%%%%%%%%%%%%%%%%%%%%%%%%%%%%%%%%%%

@ARTICLE{small,
  author = {Freely, I.P.},
  title = {A small paper},
  journal = {The journal of small papers},
  year = 1997,
  volume = {-1},
  note = {To appear},
}

@ARTICLE{big,
  author = {Jass, Hugh},
  title = {A big paper},
  journal = {The journal of big papers},
  year = 7991,
  volume = {MCMXCVII},
}

@ARTICLE{russian,
  author = {Василий Пупкин and Василиса Пупкина and Пупкинский, В.П.},
  title = {Русская статья},
  journal = {Научно-технические ведомости НИИ ЧАВО},
  year = 2000,
  number = 16,
  pages = {32--64},
  language = {russian},
}

%%%%%%%%%%%%%%%%%%%%%%%%%%%%%%%%%%%%%%%%%%%%%%%%%%%%%%%%%%%%%%%%%%%%%%%%%%%%%%%%
